

























































@techreport{wifi-speed,
     title = {{IEEE 802.11ax: The Sixth Generation of Wi-Fi}},
     author = {Cisco public},
     group = {},
     year = {2019},
     institution = {Cisco Systems, Inc},
     month = {},
     Date-Added = {03/20/2019},
     Date-Modified = {}
}

@inproceedings{define_P_to_p,
author = {Schollmeier, Rüdiger},
year = {2001},
month = {09},
pages = {101 - 102},
title = {A Definition of Peer-to-Peer Networking for the Classification of Peer-to-Peer Architectures and Applications},
isbn = {0-7695-1503-7},
journal = {Proc. of the First International Conference on Peer-to-Peer Computing},
doi = {10.1109/P2P.2001.990434}
}

@book{book_adhoc,
 author = {Toh, C.K. -K},
 title = {Ad Hoc Wireless Networks: Protocols and Systems},
 year = {2001},
 isbn = {0130078174},
 edition = {1st},
 publisher = {Prentice Hall PTR},
 address = {Upper Saddle River, NJ, USA},
} 


@book{book,
 author = {Toh, C.-K.},
 title = {Wireless ATM and Ad-Hoc Networks: Protocols and Architectures},
 year = {1996},
 isbn = {079239822X},
 publisher = {Kluwer Academic Publishers},
 address = {Norwell, MA, USA},
} 


@misc{WiFiDirect-by-wifi-aliance,
author = {},
title = {Wi-Fi Direct | Wi-Fi Alliance},
howpublished = {\url{https://www.wi-fi.org/discover-wi-fi/wi-fi-direct}},
month = {03},
year = {2019}
}



@misc{androd-wifi-direct,
author = {},
title = {Wi-Fi peer-to-peer overview  |  Android Developers},
howpublished = {\url{https://developer.android.com/guide/topics/connectivity/wifip2p.html}},
month = {03},
year = {2019}
}
@inproceedings{vpn,
author = {Microsoft TechNet},
year = {2001},
month = {September},
pages = {},
title = {Virtual Private Networking: An Overview},

}

@misc{VPNAndroid,
author = {},
title = {VPN  |  Android Developers},
howpublished = {\url{https://developer.android.com/guide/topics/connectivity/vpn}},
month = {03},
year = {2019}
}


@misc{SymbianOS,
author = {},
title = {The Symbian Operating System},
howpublished = {\url{https://www.symbianos.org/}},
month = {03},
year = {2019}
}

@inproceedings{comonet,
  title={COMONet: Community Mobile Network},
  author={Primal Wijesekera and Chamath I. Keppitiyagama},
   year={2007},
  organization={University of Colombo School of Computing, Sri Lanka}
}


@inproceedings{defcon_paper,
author = {Thomas, Josh and Robble, Jeff and Modly, Nick},
year = {2012},
month = {11},
pages = {401-405},
title = {Off Grid communications with Android Meshing the mobile world},
isbn = {978-1-4673-2708-4},
doi = {10.1109/THS.2012.6459882}
}



@misc{iwconfig,
author = {},
title = {iwconfig - Debian Wiki},
howpublished = {\url{https://wiki.debian.org/iwconfig}},
month = {03},
year = {2019}
}

@misc{BATMAN,
author = {},
title = {BATMANConcept - Open-Mesh - Open Mesh},
howpublished = {\url{https://www.open-mesh.org/projects/open-mesh/wiki/BATMANConcept}},
month = {03},
year = {2019}
}

@misc{LineageOS,
author = {},
title = {LineageOS Wiki},
howpublished = {\url{https://lineageos.org/Changelog-23/}},
month = {03},
year = {2019}
}

@inproceedings{GO,
author = {Liu, Kecheng and Shen, Wenlong and Yin, Bo and Cao, Xianghui and Cai, Lin and Cheng, Yu},
year = {2016},
month = {05},
pages = {1-6},
title = {Development of Mobile Ad-hoc Networks over Wi-Fi Direct with off-the-shelf Android phones},
doi = {10.1109/ICC.2016.7511190}
}
@inproceedings{wifi-direct_and_hotspot,
author = {Funai, Colin and Tapparello, Cristiano and Heinzelman, Wendi},
year = {2017},
month = {01},
pages = {491-497},
title = {Enabling multi-hop ad hoc networks through WiFi Direct multi-group networking},
doi = {10.1109/ICCNC.2017.7876178}
}


}@article{wif_direct_with_relay_nodes,
author = {Oide, Takuma and Abe, Toru and Suganuma, Takuo},
year = {2018},
month = {03},
pages = {776},
title = {Infrastructure-Less Communication Platform for Off-The-Shelf Android Smartphones},
volume = {18},
journal = {Sensors},
doi = {10.3390/s18030776}
}

@article{iCAR,
author = {Wu, Hongyi and Qiao, Chunming and De, Swades and Tonguz, O.K.},
year = {2001},
month = {11},
pages = {2105 - 2115},
title = {Integrated Cellular and Ad Hoc Relaying Systems: iCAR},
volume = {19},
journal = {Selected Areas in Communications, IEEE Journal on},
doi = {10.1109/49.957326}
}


@inproceedings{wifi_direct_lte,
author = {Asadi, Arash and Mancuso, Vincenzo},
year = {2013},
month = {11},
pages = {1-8},
title = {WiFi Direct and LTE D2D in action},
journal = {IFIP Wireless Days},
doi = {10.1109/WD.2013.6686520}
}

@article{Security ,
author = {Shen, Wenlong and Hong, Weisheng and Cao, Xianghui and Yin, Bo and M Shila, Devu and Cheng, Yu},
year = {2014},
month = {10},
pages = {},
title = {Secure Key Establishment for Device-to-Device Communications},
journal = {2014 IEEE Global Communications Conference, GLOBECOM 2014},
doi = {10.1109/GLOCOM.2014.7036830}
}

@inproceedings{UCAN,
author = {Luo, Haiyun and Ramjee, Ramachandran and Sinha, Prasun and Erran) Li, Li and Lu, Songwu},
year = {2003},
month = {01},
pages = {353-367},
title = {UCAN: A Unified Cellular and Ad-Hoc Network Architecture},
journal = {Proceedings of the Annual International Conference on Mobile Computing and Networking, MOBICOM},
doi = {10.1145/938985.939021}
}


@inproceedings{content_centric,
  added-at = {2018-11-30T00:00:00.000+0100},
  author = {Casetti, Claudio Ettore and Chiasserini, Carla-Fabiana and Pelle, Luciano Curto and Valle, Carolina Del and Duan, Yufeng and Giaccone, Paolo},
  biburl = {https://www.bibsonomy.org/bibtex/2f19e7fd9331890907ac63433f2d97028/dblp},
  booktitle = {WOWMOM},
  crossref = {conf/wowmom/2015},
  editor = {Bononi, Luciano and Noubir, Guevara and Manfredi, Victoria},
  ee = {http://doi.ieeecomputersociety.org/10.1109/WoWMoM.2015.7158136},
  interhash = {f092fb9bf9d4c2c27005028b976d194a},
  intrahash = {f19e7fd9331890907ac63433f2d97028},
  isbn = {978-1-4799-8461-9},
  keywords = {dblp},
  pages = {1-9},
  publisher = {IEEE Computer Society},
  timestamp = {2018-12-01T13:23:12.000+0100},
  title = {Content-centric routing in Wi-Fi direct multi-group networks.},
  url = {http://dblp.uni-trier.de/db/conf/wowmom/wowmom2015.html#CasettiCPVDG15},
  year = 2015
}


@inproceedings{olsr,
author = {Jacquet, Philippe and Muhlethaler, Paul and Clausen, Thomas Heide and Laouiti, Anis and Qayyum, Amir and Viennot, Laurent},
year = {2001},
month = {02},
pages = {62 - 68},
title = {Optimized Link State Routing Protocol for Ad Hoc Networks},
isbn = {0-7803-7406-1},
journal = {Proceedings of the IEEE International Multitopic Conference},
doi = {10.1109/INMIC.2001.995315}
}


@article{adhoc_survay,
author = {Alshaer, Nancy and El-Rabaie, El-Sayed},
year = {2016},
month = {11},
pages = {},
title = {A Survey on Ad Hoc Networks}
}



@misc{p-to-p,
author = {},
title = {Peer-to-peer - Wikipedia},
howpublished = {\url{https://en.wikipedia.org/wiki/Peer-to-peer}},
month = {03},
year = {2019}
}




@misc{wifi-p-to-p-android-dev,
author = {},
title = {Wi-Fi peer-to-peer overview  |  Android Developers},
howpublished = {\url{https://developer.android.com/guide/topics/connectivity/wifip2p.html}},
month = {03},
year = {2019}
}

@misc{mannet-wikipedia,
author = {},
title = {Mobile ad hoc network - Wikipedia},
howpublished = {\url{https://en.wikipedia.org/wiki/Mobile_ad_hoc_network}},
month = {03},
year = {2019}
}



@misc{funcNET,
author = {},
title = {Kategorie:English – wiki.freifunk.net},
howpublished = {\url{https://wiki.freifunk.net/Kategorie:English}},
month = {03},
year = {2019}
}


%@online{WiFiDirect_android,
%title = {Wi-Fi Direct (peer-to-peer or P2P) overview  |  Android Developers},
%url = {https://developer.android.com/guide/topics/connectivity/wifip2p},
%urldate = {02/16/2020}
%}


@misc{WiFiDirect_android,
  title = {Wi-Fi Direct (peer-to-peer or P2P) overview  |  Android Developers},
  howpublished = {\url{https://developer.android.com/guide/topics/connectivity/wifip2p}},
  note = {Accessed: 02/16/2020}
}

@misc{p-to-p,
author = {},
title = {Peer-to-peer - Wikipedia},
howpublished = {\url{https://en.wikipedia.org/wiki/Peer-to-peer}},
month = {03},
year = {2019}
}

%@online{termux,
%title = {GitHub - termux/termux-packages: Android terminal and Linux environment - packages repository.},
%url = {https://github.com/termux/termux-packages},
%urldate = {02/16/2020}
%}

@misc{termux,
  title = {GitHub - termux/termux-packages: Android terminal and Linux environment - packages repository.},
  howpublished = {\url{https://github.com/termux/termux-packages}},
  note = {Accessed: 02/16/2020}
}

%@online{GSMANetwork_coverage,
%author = {},
%title = {GSMA - Network Coverage Maps},
%url = {https://www.gsma.com/coverage/},
%urldate = {02/16/2020}
%}


@misc{GSMANetwork_coverage,
  author = {},
  title = {GSMA - Network Coverage Maps},
  howpublished = {\url{https://www.gsma.com/coverage/}},
  month = {03},
  year = {2019}
}

@online{cisco,
title = {Cisco Visual Networking Index: Global Mobile Data Traffic Forecast Update, 2017–2022 White Paper - Cisco},
url = {https://www.cisco.com/c/en/us/solutions/collateral/service-provider/visual-networking-index-vni/white-paper-c11-738429.html},
urldate = {02/17/2020}
}

@misc{WinNT,
  title = { },
  howpublished = {\url{ }},
  note = {Accessed: 2019-11-21}
}


@patent{patent,
title = {US3663762A - Mobile communication system - Google Patents},
url = {https://patents.google.com/patent/US3663762#patentCitations},
urldate = {02/17/2020}
}

@online{d_speed,
title = {Download Speeds: Comparing 2G, 3G, 4G \& 5G Mobile Networks},
url = {https://kenstechtips.com/index.php/download-speeds-2g-3g-and-4g-actual-meaning},
urldate = {02/17/2020}
}

@misc{WinNT,
  title = { },
  howpublished = {\url{ }},
  note = {Accessed: 2019-11-21}
}

@online{about_mobi,
title = {About mobile technology and IMT-2000},
url = {https://web.archive.org/web/20080524050117/http://www.itu.int/osg/spu/imt-2000/technology.html#Cellular%20Standards%20for%20the%20Third%20Generation},
urldate = {02/17/2020}
}

@misc{WinNT,
  title = { },
  howpublished = {\url{ }},
  note = {Accessed: 2019-11-21}
}

@online{Requirement,
title = {Requirements related to technical performance for IMT-Advanced radio interface(s)},
url = {http://www.itu.int/pub/R-REP-M.2134-2008/en},
urldate = {02/17/2020}
}

@misc{WinNT,
  title = { },
  howpublished = {\url{ }},
  note = {Accessed: 2019-11-21}
}


@proceedings{DBLP_book
  editor    = {Abdelkader Hameurlain and
               Josef K{\"{u}}ng and
               Roland R. Wagner and
               Bernd Amann and
               Philippe Lamarre},
  title     = {Transactions on Large-Scale Data- and Knowledge-Centered Systems {XI}
               - Special Issue on Advanced Data Stream Management and Continuous
               Query Processing},
  series    = {Lecture Notes in Computer Science},
  volume    = {8290},
  publisher = {Springer},
  year      = {2013},
  url       = {https://doi.org/10.1007/978-3-642-45269-7},
  doi       = {10.1007/978-3-642-45269-7},
  isbn      = {978-3-642-45268-0},
  timestamp = {Tue, 14 May 2019 10:00:55 +0200},
  biburl    = {https://dblp.org/rec/journals/tlsdkcs/2013-11.bib},
  bibsource = {dblp computer science bibliography, https://dblp.org}
}

@article{paper_compare_adhoc,
author = {Yang, Beverly and Garcia-molina, Hector},
year = {2001},
month = {09},
pages = {},
title = {Comparing Hybrid Peer-to-Peer Systems}
}



@inbook{TETRA,
author = {Jahankhani, Hamid and Yousef, Sufian},
year = {2014},
month = {12},
pages = {259-273},
title = {Evolution of TETRA through the integration with a number of communication platforms to support public protection and disaster relief (PPDR)},
isbn = {9780128007433},
doi = {10.1016/B978-0-12-800743-3.00019-0}
}


@online{apple,
title = {MultipeerConnectivity | Apple Developer Documentation},
url = {https://developer.apple.com/documentation/multipeerconnectivity},
urldate = {02/17/2020}
}


@misc{WinNT,
  title = { },
  howpublished = {\url{ }},
  note = {Accessed: 2019-11-21}
}

@online{WiFiDirect_android,
title = {Wi-Fi Direct (peer-to-peer or P2P) overview  |  Android Developers},
url = {https://developer.android.com/guide/topics/connectivity/wifip2p},
urldate = {02/17/2020}
}

@misc{WinNT,
  title = { },
  howpublished = {\url{ }},
  note = {Accessed: 2019-11-21}
}

@online{The_AODVM,
title = {The AODV model},
url = {https://www.usenix.org/legacy/publications/library/proceedings/osdi02/tech/full_papers/musuvathi/musuvathi_html/node13.html},
urldate = {02/17/2020}
}

@misc{WinNT,
  title = { },
  howpublished = {\url{ }},
  note = {Accessed: 2019-11-21}
}



@online{Android_kernel,
title = {Android Common Kernels  |  Android Open Source Project},
url = {https://source.android.com/devices/architecture/kernel/android-common},
urldate = {02/17/2020}
}

@misc{WinNT,
  title = { },
  howpublished = {\url{ }},
  note = {Accessed: 2019-11-21}
}


@ARTICLE{Overview_Architecture,
author={},
journal={IEEE Std 802-2014 (Revision to IEEE Std 802-2001)},
title={IEEE Standard for Local and Metropolitan Area Networks: Overview and Architecture},
year={2014},
volume={},
number={},
pages={1-74},
keywords={access protocols;IEEE standards;local area networks;metropolitan area networks;protocol identification;object identifiers;standard protocols;IEEE 802 MAC;protocols;IEEE 802 standards;local area networks;metropolitan area networks;IEEE standard;IEEE Std 802-2014;IEEE standards;Local area networks;Metropolitan area networks;Body area networks;Personal area networks;Network architecture;Ethernet;Object identifiers;Regional area networks;BANs;body area networks;EtherTypes;IEEE 802(R);IEEE 802 architecture;IEEE 802 reference model;LANs;local area networks;MANs;metropolitan area networks;object identifiers;PANs;personal area networks;RANs;regional area networks;protocol development;protocol types},
doi={10.1109/IEEESTD.2014.6847097},
ISSN={null},
month={June},}

@online{ssh,
title = {RFC 4251 - The Secure Shell (SSH) Protocol Architecture},
url = {https://tools.ietf.org/html/rfc4251},
urldate = {02/17/2020}
}


@misc{WinNT,
  title = { },
  howpublished = {\url{ }},
  note = {Accessed: 2019-11-21}
}

@online{mptcp,
title = {Multipath TCP (mptcp) - Documents},
url = {https://datatracker.ietf.org/wg/mptcp/documents/},
urldate = {02/17/2020}
}


@misc{WinNT,
  title = { },
  howpublished = {\url{ }},
  note = {Accessed: 2019-11-21}
}
